<?xml version="1.0" encoding="UTF-8"?><collection xmlns="http://www.loc.gov/MARC21/slim"><record><leader>00401nam--2200133-i-4500</leader><controlfield tag="001">000005401</controlfield><controlfield tag="002">20161230</controlfield><controlfield tag="005">20161230201026</controlfield><controlfield tag="008">060222s1000------------r-----000-0-eng-d</controlfield><datafield ind1=" " ind2=" " tag="100"><subfield code="a">Adlam, J.H., Hain, K., Pyle, I.C</subfield></datafield><datafield ind1=" " ind2=" " tag="245"><subfield code="a">Cylindrically symmetrical hydromagnetic disturbances in a plasma</subfield></datafield><datafield ind1=" " ind2=" " tag="260"><subfield code="a">Harwell, Atomic Energy Research Establ., 1961 25 P. + 2 Figuri</subfield></datafield><datafield ind1=" " ind2=" " tag="490"><subfield code="a">3643</subfield></datafield><datafield ind1=" " ind2=" " tag="852"><subfield code="a">15956</subfield></datafield></record></collection>